@article{canetti00,
  author    = {Ran Canetti},
  title     = {Universally Composable Security: {A} New Paradigm for Cryptographic
               Protocols},
  journal   = {{IACR} Cryptol. ePrint Arch.},
  pages     = {67},
  year      = {2000},
  url       = {http://eprint.iacr.org/2000/067},
  timestamp = {Mon, 11 May 2020 16:00:31 +0200},
  biburl    = {https://dblp.org/rec/journals/iacr/Canetti00.bib},
  bibsource = {dblp computer science bibliography, https://dblp.org}
}

@inproceedings{acc+20,
  author    = {Elli Androulaki and
               Jan Camenisch and
               Angelo De Caro and
               Maria Dubovitskaya and
               Kaoutar Elkhiyaoui and
               Bj{\"{o}}rn Tackmann},
  title     = {Privacy-preserving auditable token payments in a permissioned blockchain
               system},
  booktitle = {{AFT} '20: 2nd {ACM} Conference on Advances in Financial Technologies,
               New York, NY, USA, October 21-23, 2020},
  pages     = {255--267},
  publisher = {{ACM}},
  year      = {2020},
  url       = {https://doi.org/10.1145/3419614.3423259},
  doi       = {10.1145/3419614.3423259},
  timestamp = {Thu, 29 Oct 2020 14:47:19 +0100},
  biburl    = {https://dblp.org/rec/conf/aft/AndroulakiCCDET20.bib},
  bibsource = {dblp computer science bibliography, https://dblp.org}
}

@inproceedings{bch+20,
  author    = {Christian Badertscher and
               Ran Canetti and
               Julia Hesse and
               Bj{\"{o}}rn Tackmann and
               Vassilis Zikas},
  editor    = {Rafael Pass and
               Krzysztof Pietrzak},
  title     = {Universal Composition with Global Subroutines: Capturing Global Setup
               Within Plain {UC}},
  booktitle = {Theory of Cryptography - 18th International Conference, {TCC} 2020,
               Durham, NC, USA, November 16-19, 2020, Proceedings, Part {III}},
  series    = {Lecture Notes in Computer Science},
  volume    = {12552},
  pages     = {1--30},
  publisher = {Springer},
  year      = {2020},
  url       = {https://doi.org/10.1007/978-3-030-64381-2\_1},
  doi       = {10.1007/978-3-030-64381-2\_1},
  timestamp = {Thu, 17 Dec 2020 18:29:56 +0100},
  biburl    = {https://dblp.org/rec/conf/tcc/BadertscherCHTZ20.bib},
  bibsource = {dblp computer science bibliography, https://dblp.org}
}

@inproceedings{bhz21,
  author    = {Christian Badertscher and
               Julia Hesse and
               Vassilis Zikas},
  editor    = {Kobbi Nissim and
               Brent Waters},
  title     = {On the (Ir)Replaceability of Global Setups, or How (Not) to Use a
               Global Ledger},
  booktitle = {Theory of Cryptography - 19th International Conference, {TCC} 2021,
               Raleigh, NC, USA, November 8-11, 2021, Proceedings, Part {II}},
  series    = {Lecture Notes in Computer Science},
  volume    = {13043},
  pages     = {626--657},
  publisher = {Springer},
  year      = {2021},
  url       = {https://doi.org/10.1007/978-3-030-90453-1\_22},
  doi       = {10.1007/978-3-030-90453-1\_22},
  timestamp = {Wed, 15 Dec 2021 10:33:00 +0100},
  biburl    = {https://dblp.org/rec/conf/tcc/BadertscherHZ21.bib},
  bibsource = {dblp computer science bibliography, https://dblp.org}
}

@inproceedings{canetti03,
  author    = {Ran Canetti},
  title     = {Universally Composable Signature, Certification, and Authentication},
  booktitle = {17th {IEEE} Computer Security Foundations Workshop, {(CSFW-17} 2004),
               28-30 June 2004, Pacific Grove, CA, {USA}},
  pages     = {219},
  publisher = {{IEEE} Computer Society},
  year      = {2004},
  url       = {http://doi.ieeecomputersociety.org/10.1109/CSFW.2004.24},
  doi       = {10.1109/CSFW.2004.24},
  timestamp = {Wed, 16 Oct 2019 14:14:49 +0200},
  biburl    = {https://dblp.org/rec/conf/csfw/Canetti04.bib},
  bibsource = {dblp computer science bibliography, https://dblp.org}
}

@inproceedings{cdg+18,
  author    = {Jan Camenisch and
               Manu Drijvers and
               Tommaso Gagliardoni and
               Anja Lehmann and
               Gregory Neven},
  editor    = {Jesper Buus Nielsen and
               Vincent Rijmen},
  title     = {The Wonderful World of Global Random Oracles},
  booktitle = {Advances in Cryptology - {EUROCRYPT} 2018 - 37th Annual International
               Conference on the Theory and Applications of Cryptographic Techniques,
               Tel Aviv, Israel, April 29 - May 3, 2018 Proceedings, Part {I}},
  series    = {Lecture Notes in Computer Science},
  volume    = {10820},
  pages     = {280--312},
  publisher = {Springer},
  year      = {2018},
  url       = {https://doi.org/10.1007/978-3-319-78381-9\_11},
  doi       = {10.1007/978-3-319-78381-9\_11},
  timestamp = {Tue, 14 May 2019 10:00:53 +0200},
  biburl    = {https://dblp.org/rec/conf/eurocrypt/CamenischDGLN18.bib},
  bibsource = {dblp computer science bibliography, https://dblp.org}
}

@inproceedings{kkk21,
  author    = {Thomas Kerber and
               Aggelos Kiayias and
               Markulf Kohlweiss},
  title     = {{KACHINA} - Foundations of Private Smart Contracts},
  booktitle = {34th {IEEE} Computer Security Foundations Symposium, {CSF} 2021, Dubrovnik,
               Croatia, June 21-25, 2021},
  pages     = {1--16},
  publisher = {{IEEE}},
  year      = {2021},
  url       = {https://doi.org/10.1109/CSF51468.2021.00002},
  doi       = {10.1109/CSF51468.2021.00002},
  timestamp = {Fri, 13 Aug 2021 09:35:20 +0200},
  biburl    = {https://dblp.org/rec/conf/csfw/KerberKK21.bib},
  bibsource = {dblp computer science bibliography, https://dblp.org}
}


%%% Local Variables: 
%%% mode: pdflatex
%%% TeX-master: "epfucl"
%%% End:
