@inproceedings{abr01,
  author    = {Michel Abdalla and
               Mihir Bellare and
               Phillip Rogaway},
  editor    = {David Naccache},
  title     = {The Oracle Diffie-Hellman Assumptions and an Analysis of {DHIES}},
  booktitle = {Topics in Cryptology - {CT-RSA} 2001, The Cryptographer's Track at
               {RSA} Conference 2001, San Francisco, CA, USA, April 8-12, 2001, Proceedings},
  series    = {Lecture Notes in Computer Science},
  volume    = {2020},
  pages     = {143--158},
  publisher = {Springer},
  year      = {2001},
  url       = {https://doi.org/10.1007/3-540-45353-9\_12},
  doi       = {10.1007/3-540-45353-9\_12},
  timestamp = {Fri, 27 Dec 2019 21:26:42 +0100},
  biburl    = {https://dblp.org/rec/conf/ctrsa/AbdallaBR01.bib},
  bibsource = {dblp computer science bibliography, https://dblp.org}
}

@inproceedings{davi01,
  author    = {Don Davis},
  editor    = {Yoonho Park},
  title     = {Defective Sign {\&} Encrypt in S/MIME, PKCS{\#}7, MOSS, PEM, PGP,
               and {XML}},
  booktitle = {Proceedings of the General Track: 2001 {USENIX} Annual Technical Conference,
               June 25-30, 2001, Boston, Massachusetts, {USA}},
  pages     = {65--78},
  publisher = {{USENIX}},
  year      = {2001},
  url       = {http://www.usenix.org/publications/library/proceedings/usenix01/davis.html},
  timestamp = {Mon, 01 Feb 2021 08:43:38 +0100},
  biburl    = {https://dblp.org/rec/conf/usenix/Davis01.bib},
  bibsource = {dblp computer science bibliography, https://dblp.org}
}

@inproceedings{kraw01,
  author    = {Hugo Krawczyk},
  editor    = {Joe Kilian},
  title     = {The Order of Encryption and Authentication for Protecting Communications
               (or: How Secure Is SSL?)},
  booktitle = {Advances in Cryptology - {CRYPTO} 2001, 21st Annual International
               Cryptology Conference, Santa Barbara, California, USA, August 19-23,
               2001, Proceedings},
  series    = {Lecture Notes in Computer Science},
  volume    = {2139},
  pages     = {310--331},
  publisher = {Springer},
  year      = {2001},
  url       = {https://doi.org/10.1007/3-540-44647-8\_19},
  doi       = {10.1007/3-540-44647-8\_19},
  timestamp = {Tue, 14 May 2019 10:00:48 +0200},
  biburl    = {https://dblp.org/rec/conf/crypto/Krawczyk01.bib},
  bibsource = {dblp computer science bibliography, https://dblp.org}
}
