@article{aa14,
  author    = {Syed Taqi Ali and
               B. B. Amberker},
  title     = {Dynamic attribute-based group signature with verifier-local revocation
               and backward unlinkability in the standard model},
  journal   = {Int. J. Appl. Cryptogr.},
  volume    = {3},
  number    = {2},
  pages     = {148--165},
  year      = {2014},
  url       = {https://doi.org/10.1504/IJACT.2014.062736},
  doi       = {10.1504/IJACT.2014.062736},
  timestamp = {Fri, 07 Aug 2020 17:14:35 +0200},
  biburl    = {https://dblp.org/rec/journals/ijact/AliA14.bib},
  bibsource = {dblp computer science bibliography, https://dblp.org}
}

@article{atk11,
  author    = {Man Ho Au and
               Patrick P. Tsang and
               Apu Kapadia},
  title     = {{PEREA:} Practical TTP-free revocation of repeatedly misbehaving anonymous
               users},
  journal   = {{ACM} Trans. Inf. Syst. Secur.},
  volume    = {14},
  number    = {4},
  pages     = {29:1--29:34},
  year      = {2011},
  url       = {https://doi.org/10.1145/2043628.2043630},
  doi       = {10.1145/2043628.2043630},
  timestamp = {Tue, 06 Nov 2018 12:50:47 +0100},
  biburl    = {https://dblp.org/rec/journals/tissec/AuTK11.bib},
  bibsource = {dblp computer science bibliography, https://dblp.org}
}

@article{bb08,
  author    = {Dan Boneh and
               Xavier Boyen},
  title     = {Short Signatures Without Random Oracles and the {SDH} Assumption in
               Bilinear Groups},
  journal   = {J. Cryptology},
  volume    = {21},
  number    = {2},
  pages     = {149--177},
  year      = {2008},
  timestamp = {Thu, 18 May 2017 09:52:08 +0200},
  biburl    = {https://dblp.org/rec/bib/journals/joc/BonehB08},
  bibsource = {dblp computer science bibliography, https://dblp.org}
}

@article{bcl09,
  author    = {Ernie Brickell and
               Liqun Chen and
               Jiangtao Li},
  title     = {Simplified security notions of direct anonymous attestation and a
               concrete scheme from pairings},
  journal   = {Int. J. Inf. Sec.},
  volume    = {8},
  number    = {5},
  pages     = {315--330},
  year      = {2009},
  url       = {https://doi.org/10.1007/s10207-009-0076-3},
  doi       = {10.1007/s10207-009-0076-3},
  timestamp = {Sun, 02 Jun 2019 20:59:22 +0200},
  biburl    = {https://dblp.org/rec/journals/ijisec/BrickellCL09.bib},
  bibsource = {dblp computer science bibliography, https://dblp.org}
}

@article{bfg+11,
  author    = {David Bernhard and
               Georg Fuchsbauer and
               Essam Ghadafi and
               Nigel P. Smart and
               Bogdan Warinschi},
  title     = {Anonymous attestation with user-controlled linkability},
  journal   = {{IACR} Cryptology ePrint Archive},
  volume    = {2011},
  pages     = {658},
  year      = {2011},
  timestamp = {Tue, 14 Aug 2018 17:08:26 +0200},
  biburl    = {https://dblp.org/rec/bib/journals/iacr/BernhardFGSW11},
  bibsource = {dblp computer science bibliography, https://dblp.org}
}

@article{bfg+13,
  author    = {David Bernhard and
               Georg Fuchsbauer and
               Essam Ghadafi and
               Nigel P. Smart and
               Bogdan Warinschi},
  title     = {Anonymous attestation with user-controlled linkability},
  journal   = {Int. J. Inf. Sec.},
  volume    = {12},
  number    = {3},
  pages     = {219--249},
  year      = {2013},
  timestamp = {Sat, 16 Sep 2017 12:07:03 +0200},
  biburl    = {https://dblp.org/rec/journals/ijisec/BernhardFGSW13.bib},
  bibsource = {dblp computer science bibliography, https://dblp.org}
}

@article{chau85,
  author    = {David Chaum},
  title     = {Security Without Identification: Transaction Systems to Make Big Brother
               Obsolete},
  journal   = {Commun. {ACM}},
  volume    = {28},
  number    = {10},
  pages     = {1030--1044},
  year      = {1985},
  url       = {https://doi.org/10.1145/4372.4373},
  doi       = {10.1145/4372.4373},
  timestamp = {Wed, 14 Nov 2018 10:22:36 +0100},
  biburl    = {https://dblp.org/rec/journals/cacm/Chaum85.bib},
  bibsource = {dblp computer science bibliography, https://dblp.org}
}

@article{dgs+18,
  author    = {Alex Davidson and
               Ian Goldberg and
               Nick Sullivan and
               George Tankersley and
               Filippo Valsorda},
  title     = {Privacy Pass: Bypassing Internet Challenges Anonymously},
  journal   = {Proc. Priv. Enhancing Technol.},
  volume    = {2018},
  number    = {3},
  pages     = {164--180},
  year      = {2018},
  url       = {https://doi.org/10.1515/popets-2018-0026},
  doi       = {10.1515/popets-2018-0026},
  timestamp = {Tue, 01 Sep 2020 13:13:16 +0200},
  biburl    = {https://dblp.org/rec/journals/popets/DavidsonGSTV18.bib},
  bibsource = {dblp computer science bibliography, https://dblp.org}
}

@article{dmm+18,
  author    = {Dominic Deuber and
               Matteo Maffei and
               Giulio Malavolta and
               Max Rabkin and
               Dominique Schr{\"{o}}der and
               Mark Simkin},
  title     = {Functional Credentials},
  journal   = {Proc. Priv. Enhancing Technol.},
  volume    = {2018},
  number    = {2},
  pages     = {64--84},
  year      = {2018},
  url       = {https://doi.org/10.1515/popets-2018-0013},
  doi       = {10.1515/popets-2018-0013},
  timestamp = {Tue, 01 Sep 2020 13:13:13 +0200},
  biburl    = {https://dblp.org/rec/journals/popets/DeuberMMRSS18.bib},
  bibsource = {dblp computer science bibliography, https://dblp.org}
}

@article{ds16,
  author    = {David Derler and
               Daniel Slamanig},
  title     = {Fully-Anonymous Short Dynamic Group Signatures Without Encryption},
  journal   = {{IACR} Cryptol. ePrint Arch.},
  pages     = {154},
  year      = {2016},
  url       = {http://eprint.iacr.org/2016/154},
  timestamp = {Mon, 11 May 2020 15:54:33 +0200},
  biburl    = {https://dblp.org/rec/journals/iacr/DerlerS16.bib},
  bibsource = {dblp computer science bibliography, https://dblp.org}
}

@article{ehk+19,
  author    = {Keita Emura and
               Goichiro Hanaoka and
               Yutaka Kawai and
               Takahiro Matsuda and
               Kazuma Ohara and
               Kazumasa Omote and
               Yusuke Sakai},
  title     = {Group Signatures with Message-Dependent Opening: Formal Definitions
               and Constructions},
  journal   = {Secur. Commun. Networks},
  volume    = {2019},
  pages     = {4872403:1--4872403:36},
  year      = {2019},
  url       = {https://doi.org/10.1155/2019/4872403},
  doi       = {10.1155/2019/4872403},
  timestamp = {Thu, 10 Sep 2020 14:41:07 +0200},
  biburl    = {https://dblp.org/rec/journals/scn/EmuraHKMOOS19.bib},
  bibsource = {dblp computer science bibliography, https://dblp.org}
}

@article{fhs19,
  author    = {Georg Fuchsbauer and
               Christian Hanser and
               Daniel Slamanig},
  title     = {Structure-Preserving Signatures on Equivalence Classes and Constant-Size
               Anonymous Credentials},
  journal   = {J. Cryptol.},
  volume    = {32},
  number    = {2},
  pages     = {498--546},
  year      = {2019},
  url       = {https://doi.org/10.1007/s00145-018-9281-4},
  doi       = {10.1007/s00145-018-9281-4},
  timestamp = {Fri, 18 Sep 2020 11:17:29 +0200},
  biburl    = {https://dblp.org/rec/journals/joc/FuchsbauerHS19.bib},
  bibsource = {dblp computer science bibliography, https://dblp.org}
}

@article{hs21,
  author    = {Lucjan Hanzlik and
               Daniel Slamanig},
  title     = {With a Little Help from My Friends: Constructing Practical Anonymous
               Credentials},
  journal   = {{IACR} Cryptol. ePrint Arch.},
  pages     = {1419},
  year      = {2021},
  url       = {https://eprint.iacr.org/2021/1419},
  timestamp = {Fri, 12 Nov 2021 14:36:03 +0100},
  biburl    = {https://dblp.org/rec/journals/iacr/HanzlikS21.bib},
  bibsource = {dblp computer science bibliography, https://dblp.org}
}

@article{khad07a,
  author    = {Dalia Khader},
  title     = {Attribute Based Group Signature with Revocation},
  journal   = {{IACR} Cryptol. ePrint Arch.},
  pages     = {241},
  year      = {2007},
  url       = {http://eprint.iacr.org/2007/241},
  timestamp = {Mon, 11 May 2020 15:58:06 +0200},
  biburl    = {https://dblp.org/rec/journals/iacr/Khader07a.bib},
  bibsource = {dblp computer science bibliography, https://dblp.org}
}

@article{khad07b,
  author    = {Dalia Khader},
  title     = {Attribute Based Group Signature with Revocation},
  journal   = {{IACR} Cryptol. ePrint Arch.},
  pages     = {241},
  year      = {2007},
  url       = {http://eprint.iacr.org/2007/241},
  timestamp = {Mon, 11 May 2020 15:58:06 +0200},
  biburl    = {https://dblp.org/rec/journals/iacr/Khader07a.bib},
  bibsource = {dblp computer science bibliography, https://dblp.org}
}

@article{klap20,
  author    = {Hyoseung Kim and
               Youngkyung Lee and
               Michel Abdalla and
               Jong Hwan Park},
  title     = {Practical dynamic group signature with efficient concurrent joins
               and batch verifications},
  journal   = {J. Inf. Secur. Appl.},
  volume    = {63},
  pages     = {103003},
  year      = {2021},
  url       = {https://doi.org/10.1016/j.jisa.2021.103003},
  doi       = {10.1016/j.jisa.2021.103003},
  timestamp = {Wed, 15 Dec 2021 10:28:55 +0100},
  biburl    = {https://dblp.org/rec/journals/istr/KimLAP21.bib},
  bibsource = {dblp computer science bibliography, https://dblp.org}
}

@article{ky06,
  author    = {Aggelos Kiayias and
               Moti Yung},
  title     = {Secure scalable group signature with dynamic joins and separable authorities},
  journal   = {Int. J. Secur. Networks},
  volume    = {1},
  number    = {1/2},
  pages     = {24--45},
  year      = {2006},
  url       = {https://doi.org/10.1504/IJSN.2006.010821},
  doi       = {10.1504/IJSN.2006.010821},
  timestamp = {Wed, 01 Apr 2020 08:48:16 +0200},
  biburl    = {https://dblp.org/rec/journals/ijsn/KiayiasY06.bib},
  bibsource = {dblp computer science bibliography, https://dblp.org}
}

@article{nr04,
  author    = {Moni Naor and
               Omer Reingold},
  title     = {Number-theoretic constructions of efficient pseudo-random functions},
  journal   = {J. {ACM}},
  volume    = {51},
  number    = {2},
  pages     = {231--262},
  year      = {2004},
  url       = {https://doi.org/10.1145/972639.972643},
  doi       = {10.1145/972639.972643},
  timestamp = {Tue, 06 Nov 2018 12:51:46 +0100},
  biburl    = {https://dblp.org/rec/journals/jacm/NaorR04.bib},
  bibsource = {dblp computer science bibliography, https://dblp.org}
}



@article{tkcs11,
  author    = {Patrick P. Tsang and
               Apu Kapadia and
               Cory Cornelius and
               Sean W. Smith},
  title     = {Nymble: Blocking Misbehaving Users in Anonymizing Networks},
  journal   = {{IEEE} Trans. Dependable Secur. Comput.},
  volume    = {8},
  number    = {2},
  pages     = {256--269},
  year      = {2011},
  url       = {https://doi.org/10.1109/TDSC.2009.38},
  doi       = {10.1109/TDSC.2009.38},
  timestamp = {Thu, 09 Apr 2020 17:08:00 +0200},
  biburl    = {https://dblp.org/rec/journals/tdsc/TsangKCS11.bib},
  bibsource = {dblp computer science bibliography, https://dblp.org}
}

@book{bran00,
  added-at = {2008-06-09T15:03:38.000+0200},
  author = {Brands, Stefan A.},
  biburl = {https://www.bibsonomy.org/bibtex/216376d2ca0b1400e84ab1882d1b53b5b/dawinci},
  edition = 1,
  interhash = {dc696c38bd103690be1bbf4637484b1a},
  intrahash = {16376d2ca0b1400e84ab1882d1b53b5b},
  keywords = {PKI anonymity credentica cryptography privacy security u-prove},
  month = {August},
  publisher = {MIT Press, Cambridge-London},
  timestamp = {2008-06-09T15:03:38.000+0200},
  title = {Rethinking Public Key Infrastructures and Digital Certificates: Building in Privacy},
  url = {http://www.credentica.com/the_mit_pressbook.html},
  year = 2000
}

@inproceedings{aks12,
  author    = {Man Ho Au and
               Apu Kapadia and
               Willy Susilo},
  title     = {{BLACR:} TTP-Free Blacklistable Anonymous Credentials with Reputation},
  booktitle = {19th Annual Network and Distributed System Security Symposium, {NDSS}
               2012, San Diego, California, USA, February 5-8, 2012},
  publisher = {The Internet Society},
  year      = {2012},
  url       = {https://www.ndss-symposium.org/ndss2012/blacr-ttp-free-blacklistable-anonymous-credentials-reputation},
  timestamp = {Mon, 01 Feb 2021 08:42:15 +0100},
  biburl    = {https://dblp.org/rec/conf/ndss/AuKS12.bib},
  bibsource = {dblp computer science bibliography, https://dblp.org}
}

@inproceedings{asm06,
  author    = {Man Ho Au and
               Willy Susilo and
               Yi Mu},
  title     = {Constant-Size Dynamic \emph{k}-TAA},
  booktitle = {Security and Cryptography for Networks, 5th International Conference,
               {SCN} 2006, Maiori, Italy, September 6-8, 2006, Proceedings},
  pages     = {111--125},
  year      = {2006},
  timestamp = {Tue, 14 May 2019 10:00:54 +0200},
  biburl    = {https://dblp.org/rec/bib/conf/scn/AuSM06},
  bibsource = {dblp computer science bibliography, https://dblp.org}
}

@inproceedings{aw04,
  author    = {Michel Abdalla and
               Bogdan Warinschi},
  editor    = {Javier L{\'{o}}pez and
               Sihan Qing and
               Eiji Okamoto},
  title     = {On the Minimal Assumptions of Group Signature Schemes},
  booktitle = {Information and Communications Security, 6th International Conference,
               {ICICS} 2004, Malaga, Spain, October 27-29, 2004, Proceedings},
  series    = {Lecture Notes in Computer Science},
  volume    = {3269},
  pages     = {1--13},
  publisher = {Springer},
  year      = {2004},
  url       = {https://doi.org/10.1007/978-3-540-30191-2\_1},
  doi       = {10.1007/978-3-540-30191-2\_1},
  timestamp = {Fri, 27 Dec 2019 21:23:54 +0100},
  biburl    = {https://dblp.org/rec/conf/icics/AbdallaW04.bib},
  bibsource = {dblp computer science bibliography, https://dblp.org}
}

@inproceedings{bb04,
  author    = {Dan Boneh and
               Xavier Boyen},
  editor    = {Christian Cachin and
               Jan Camenisch},
  title     = {Short Signatures Without Random Oracles},
  booktitle = {Advances in Cryptology - {EUROCRYPT} 2004, International Conference
               on the Theory and Applications of Cryptographic Techniques, Interlaken,
               Switzerland, May 2-6, 2004, Proceedings},
  series    = {Lecture Notes in Computer Science},
  volume    = {3027},
  pages     = {56--73},
  publisher = {Springer},
  year      = {2004},
  url       = {https://doi.org/10.1007/978-3-540-24676-3\_4},
  doi       = {10.1007/978-3-540-24676-3\_4},
  timestamp = {Sat, 30 May 2020 20:04:40 +0200},
  biburl    = {https://dblp.org/rec/conf/eurocrypt/BonehB04.bib},
  bibsource = {dblp computer science bibliography, https://dblp.org}
}

@inproceedings{bbh06,
  author    = {Dan Boneh and
               Xavier Boyen and
               Shai Halevi},
  editor    = {David Pointcheval},
  title     = {Chosen Ciphertext Secure Public Key Threshold Encryption Without Random
               Oracles},
  booktitle = {Topics in Cryptology - {CT-RSA} 2006, The Cryptographers' Track at
               the {RSA} Conference 2006, San Jose, CA, USA, February 13-17, 2006,
               Proceedings},
  series    = {Lecture Notes in Computer Science},
  volume    = {3860},
  pages     = {226--243},
  publisher = {Springer},
  year      = {2006},
  url       = {https://doi.org/10.1007/11605805\_15},
  doi       = {10.1007/11605805\_15},
  timestamp = {Tue, 14 May 2019 10:00:52 +0200},
  biburl    = {https://dblp.org/rec/conf/ctrsa/BonehBH06.bib},
  bibsource = {dblp computer science bibliography, https://dblp.org}
}

@inproceedings{bbs04,
  author    = {Dan Boneh and
               Xavier Boyen and
               Hovav Shacham},
  editor    = {Matthew K. Franklin},
  title     = {Short Group Signatures},
  booktitle = {Advances in Cryptology - {CRYPTO} 2004, 24th Annual International
               CryptologyConference, Santa Barbara, California, USA, August 15-19,
               2004, Proceedings},
  series    = {Lecture Notes in Computer Science},
  volume    = {3152},
  pages     = {41--55},
  publisher = {Springer},
  year      = {2004},
  timestamp = {Tue, 14 May 2019 10:00:48 +0200},
  biburl    = {https://dblp.org/rec/conf/crypto/BonehBS04.bib},
  bibsource = {dblp computer science bibliography, https://dblp.org}
}

@inproceedings{bcc+09,
  author    = {Mira Belenkiy and
               Jan Camenisch and
               Melissa Chase and
               Markulf Kohlweiss and
               Anna Lysyanskaya and
               Hovav Shacham},
  editor    = {Shai Halevi},
  title     = {Randomizable Proofs and Delegatable Anonymous Credentials},
  booktitle = {Advances in Cryptology - {CRYPTO} 2009, 29th Annual International
               Cryptology Conference, Santa Barbara, CA, USA, August 16-20, 2009.
               Proceedings},
  series    = {Lecture Notes in Computer Science},
  volume    = {5677},
  pages     = {108--125},
  publisher = {Springer},
  year      = {2009},
  url       = {https://doi.org/10.1007/978-3-642-03356-8\_7},
  doi       = {10.1007/978-3-642-03356-8\_7},
  timestamp = {Tue, 14 May 2019 10:00:48 +0200},
  biburl    = {https://dblp.org/rec/conf/crypto/BelenkiyCCKLS09.bib},
  bibsource = {dblp computer science bibliography, https://dblp.org}
}

@inproceedings{bcc+15,
  author    = {Jonathan Bootle and
               Andrea Cerulli and
               Pyrros Chaidos and
               Essam Ghadafi and
               Jens Groth and
               Christophe Petit},
  editor    = {G{\"{u}}nther Pernul and
               Peter Y. A. Ryan and
               Edgar R. Weippl},
  title     = {Short Accountable Ring Signatures Based on {DDH}},
  booktitle = {Computer Security - {ESORICS} 2015 - 20th European Symposium on Research
               in Computer Security, Vienna, Austria, September 21-25, 2015, Proceedings,
               Part {I}},
  series    = {Lecture Notes in Computer Science},
  volume    = {9326},
  pages     = {243--265},
  publisher = {Springer},
  year      = {2015},
  url       = {https://doi.org/10.1007/978-3-319-24174-6\_13},
  doi       = {10.1007/978-3-319-24174-6\_13},
  timestamp = {Tue, 04 Feb 2020 18:06:29 +0100},
  biburl    = {https://dblp.org/rec/conf/esorics/BootleCCGGP15.bib},
  bibsource = {dblp computer science bibliography, https://dblp.org}
}

@inproceedings{bcc+16,
  author    = {Jonathan Bootle and
               Andrea Cerulli and
               Pyrros Chaidos and
               Essam Ghadafi and
               Jens Groth},
  editor    = {Mark Manulis and
               Ahmad{-}Reza Sadeghi and
               Steve A. Schneider},
  title     = {Foundations of Fully Dynamic Group Signatures},
  booktitle = {Applied Cryptography and Network Security - 14th International Conference,
               {ACNS} 2016, Guildford, UK, June 19-22, 2016. Proceedings},
  series    = {Lecture Notes in Computer Science},
  volume    = {9696},
  pages     = {117--136},
  publisher = {Springer},
  year      = {2016},
  url       = {https://doi.org/10.1007/978-3-319-39555-5\_7},
  doi       = {10.1007/978-3-319-39555-5\_7},
  timestamp = {Fri, 07 Aug 2020 17:57:32 +0200},
  biburl    = {https://dblp.org/rec/conf/acns/BootleCCGG16.bib},
  bibsource = {dblp computer science bibliography, https://dblp.org}
}

@inproceedings{bcc04,
  author    = {Ernest F. Brickell and
               Jan Camenisch and
               Liqun Chen},
  title     = {Direct anonymous attestation},
  booktitle = {Proceedings of the 11th {ACM} Conference on Computer and Communications
               Security, {CCS} 2004, Washington, DC, USA, October 25-29, 2004},
  pages     = {132--145},
  year      = {2004},
  timestamp = {Tue, 06 Nov 2018 11:07:28 +0100},
  biburl    = {https://dblp.org/rec/conf/ccs/BrickellCC04.bib},
  bibsource = {dblp computer science bibliography, https://dblp.org}
}

@inproceedings{bckl08,
  author    = {Mira Belenkiy and
               Melissa Chase and
               Markulf Kohlweiss and
               Anna Lysyanskaya},
  editor    = {Ran Canetti},
  title     = {P-signatures and Noninteractive Anonymous Credentials},
  booktitle = {Theory of Cryptography, Fifth Theory of Cryptography Conference, {TCC}
               2008, New York, USA, March 19-21, 2008},
  series    = {Lecture Notes in Computer Science},
  volume    = {4948},
  pages     = {356--374},
  publisher = {Springer},
  year      = {2008},
  url       = {https://doi.org/10.1007/978-3-540-78524-8\_20},
  doi       = {10.1007/978-3-540-78524-8\_20},
  timestamp = {Tue, 14 May 2019 10:00:47 +0200},
  biburl    = {https://dblp.org/rec/conf/tcc/BelenkiyCKL08.bib},
  bibsource = {dblp computer science bibliography, https://dblp.org}
}

@inproceedings{bcly08,
  author    = {Vicente Benjumea and
               Seung Geol Choi and
               Javier L{\'{o}}pez and
               Moti Yung},
  title     = {Fair Traceable Multi-Group Signatures},
  booktitle = {Financial Cryptography and Data Security, 12th International Conference,
               {FC} 2008, Cozumel, Mexico, January 28-31, 2008, Revised Selected
               Papers},
  pages     = {231--246},
  year      = {2008},
  url       = {https://doi.org/10.1007/978-3-540-85230-8\_21},
  doi       = {10.1007/978-3-540-85230-8\_21},
  timestamp = {Tue, 14 May 2019 10:00:38 +0200},
  biburl    = {https://dblp.org/rec/conf/fc/BenjumeaCLY08.bib},
  bibsource = {dblp computer science bibliography, https://dblp.org}
}

@inproceedings{bcn+10,
  author    = {Patrik Bichsel and
               Jan Camenisch and
               Gregory Neven and
               Nigel P. Smart and
               Bogdan Warinschi},
  title     = {Get Shorty via Group Signatures without Encryption},
  booktitle = {Security and Cryptography for Networks, 7th International Conference,
               {SCN} 2010, Amalfi, Italy, September 13-15, 2010. Proceedings},
  pages     = {381--398},
  year      = {2010},
  timestamp = {Tue, 14 May 2019 10:00:54 +0200},
  biburl    = {https://dblp.org/rec/bib/conf/scn/BichselCNSW10},
  bibsource = {dblp computer science bibliography, https://dblp.org}
}

@inproceedings{bf14,
  author    = {Mihir Bellare and
               Georg Fuchsbauer},
  editor    = {Hugo Krawczyk},
  title     = {Policy-Based Signatures},
  booktitle = {Public-Key Cryptography - {PKC} 2014 - 17th International Conference
               on Practice and Theory in Public-Key Cryptography, Buenos Aires, Argentina,
               March 26-28, 2014. Proceedings},
  series    = {Lecture Notes in Computer Science},
  volume    = {8383},
  pages     = {520--537},
  publisher = {Springer},
  year      = {2014},
  url       = {https://doi.org/10.1007/978-3-642-54631-0\_30},
  doi       = {10.1007/978-3-642-54631-0\_30},
  timestamp = {Fri, 01 May 2020 18:32:25 +0200},
  biburl    = {https://dblp.org/rec/conf/pkc/BellareF14.bib},
  bibsource = {dblp computer science bibliography, https://dblp.org}
}

@inproceedings{bgls03,
  author    = {Dan Boneh and
               Craig Gentry and
               Ben Lynn and
               Hovav Shacham},
  editor    = {Eli Biham},
  title     = {Aggregate and Verifiably Encrypted Signatures from Bilinear Maps},
  booktitle = {Advances in Cryptology - {EUROCRYPT} 2003, International Conference
               on the Theory and Applications of Cryptographic Techniques, Warsaw,
               Poland, May 4-8, 2003, Proceedings},
  series    = {Lecture Notes in Computer Science},
  volume    = {2656},
  pages     = {416--432},
  publisher = {Springer},
  year      = {2003},
  url       = {https://doi.org/10.1007/3-540-39200-9\_26},
  doi       = {10.1007/3-540-39200-9\_26},
  timestamp = {Tue, 14 May 2019 10:00:53 +0200},
  biburl    = {https://dblp.org/rec/conf/eurocrypt/BonehGLS03.bib},
  bibsource = {dblp computer science bibliography, https://dblp.org}
}

@inproceedings{bgi14,
  author    = {Elette Boyle and
               Shafi Goldwasser and
               Ioana Ivan},
  editor    = {Hugo Krawczyk},
  title     = {Functional Signatures and Pseudorandom Functions},
  booktitle = {Public-Key Cryptography - {PKC} 2014 - 17th International Conference
               on Practice and Theory in Public-Key Cryptography, Buenos Aires, Argentina,
               March 26-28, 2014. Proceedings},
  series    = {Lecture Notes in Computer Science},
  volume    = {8383},
  pages     = {501--519},
  publisher = {Springer},
  year      = {2014},
  url       = {https://doi.org/10.1007/978-3-642-54631-0\_29},
  doi       = {10.1007/978-3-642-54631-0\_29},
  timestamp = {Fri, 01 May 2020 18:32:25 +0200},
  biburl    = {https://dblp.org/rec/conf/pkc/BoyleGI14.bib},
  bibsource = {dblp computer science bibliography, https://dblp.org}
}

@inproceedings{bl07,
  author    = {Ernie Brickell and
               Jiangtao Li},
  title     = {Enhanced privacy id: a direct anonymous attestation scheme with enhanced
               revocation capabilities},
  booktitle = {Proceedings of the 2007 {ACM} Workshop on Privacy in the Electronic
               Society, {WPES} 2007, Alexandria, VA, USA, October 29, 2007},
  pages     = {21--30},
  year      = {2007},
  url       = {https://doi.org/10.1145/1314333.1314337},
  doi       = {10.1145/1314333.1314337},
  timestamp = {Tue, 06 Nov 2018 16:59:07 +0100},
  biburl    = {https://dblp.org/rec/conf/wpes/BrickellL07.bib},
  bibsource = {dblp computer science bibliography, https://dblp.org}
}

@article{bl12,
  author    = {Ernie Brickell and
               Jiangtao Li},
  title     = {Enhanced Privacy {ID:} {A} Direct Anonymous Attestation Scheme with
               Enhanced Revocation Capabilities},
  journal   = {{IEEE} Trans. Dependable Secur. Comput.},
  volume    = {9},
  number    = {3},
  pages     = {345--360},
  year      = {2012},
  url       = {https://doi.org/10.1109/TDSC.2011.63},
  doi       = {10.1109/TDSC.2011.63},
  timestamp = {Thu, 09 Apr 2020 17:08:06 +0200},
  biburl    = {https://dblp.org/rec/journals/tdsc/BrickellL12.bib},
  bibsource = {dblp computer science bibliography, https://dblp.org}
}

@inproceedings{bms16,
  author    = {Michael Backes and
               Sebastian Meiser and
               Dominique Schr{\"{o}}der},
  editor    = {Chen{-}Mou Cheng and
               Kai{-}Min Chung and
               Giuseppe Persiano and
               Bo{-}Yin Yang},
  title     = {Delegatable Functional Signatures},
  booktitle = {Public-Key Cryptography - {PKC} 2016 - 19th {IACR} International Conference
               on Practice and Theory in Public-Key Cryptography, Taipei, Taiwan,
               March 6-9, 2016, Proceedings, Part {I}},
  series    = {Lecture Notes in Computer Science},
  volume    = {9614},
  pages     = {357--386},
  publisher = {Springer},
  year      = {2016},
  url       = {https://doi.org/10.1007/978-3-662-49384-7\_14},
  doi       = {10.1007/978-3-662-49384-7\_14},
  timestamp = {Fri, 01 May 2020 18:32:25 +0200},
  biburl    = {https://dblp.org/rec/conf/pkc/BackesMS16.bib},
  bibsource = {dblp computer science bibliography, https://dblp.org}
}

@inproceedings{bmw03,
  author    = {Mihir Bellare and
               Daniele Micciancio and
               Bogdan Warinschi},
  title     = {Foundations of Group Signatures: Formal Definitions, Simplified Requirements,
               and a Construction Based on General Assumptions},
  booktitle = {{EUROCRYPT} 2003, Proceedings},
  pages     = {614--629},
  year      = {2003},
  timestamp = {Tue, 14 May 2019 10:00:53 +0200},
  biburl    = {https://dblp.org/rec/bib/conf/eurocrypt/BellareMW03},
  bibsource = {dblp computer science bibliography, https://dblp.org}
}

@inproceedings{bn06,
  author    = {Mihir Bellare and
               Gregory Neven},
  title     = {Multi-signatures in the plain public-Key model and a general forking
               lemma},
  booktitle = {Proceedings of the 13th {ACM} Conference on Computer and Communications
               Security, {CCS} 2006, Alexandria, VA, USA, Ioctober 30 - November
               3, 2006},
  pages     = {390--399},
  year      = {2006},
  timestamp = {Tue, 06 Nov 2018 11:07:31 +0100},
  biburl    = {https://dblp.org/rec/conf/ccs/BellareN06.bib},
  bibsource = {dblp computer science bibliography, https://dblp.org}
}

@inproceedings{bs04,
  author    = {Dan Boneh and
               Hovav Shacham},
  editor    = {Vijayalakshmi Atluri and
               Birgit Pfitzmann and
               Patrick D. McDaniel},
  title     = {Group signatures with verifier-local revocation},
  booktitle = {Proceedings of the 11th {ACM} Conference on Computer and Communications
               Security, {CCS} 2004, Washington, DC, USA, October 25-29, 2004},
  pages     = {168--177},
  publisher = {{ACM}},
  year      = {2004},
  url       = {https://doi.org/10.1145/1030083.1030106},
  doi       = {10.1145/1030083.1030106},
  timestamp = {Mon, 26 Nov 2018 17:14:40 +0100},
  biburl    = {https://dblp.org/rec/conf/ccs/BonehS04.bib},
  bibsource = {dblp computer science bibliography, https://dblp.org}
}

@inproceedings{bsz05,
  author    = {Mihir Bellare and
               Haixia Shi and
               Chong Zhang},
  title     = {Foundations of Group Signatures: The Case of Dynamic Groups},
  booktitle = {{CT-RSA} 2005, Proceedings},
  pages     = {136--153},
  year      = {2005},
  timestamp = {Tue, 14 May 2019 10:00:52 +0200},
  biburl    = {https://dblp.org/rec/bib/conf/ctrsa/BellareSZ05},
  bibsource = {dblp computer science bibliography, https://dblp.org}
}

@inproceedings{bw06,
  author    = {Xavier Boyen and
               Brent Waters},
  editor    = {Serge Vaudenay},
  title     = {Compact Group Signatures Without Random Oracles},
  booktitle = {Advances in Cryptology - {EUROCRYPT} 2006, 25th Annual International
               Conference on the Theory and Applications of Cryptographic Techniques,
               St. Petersburg, Russia, May 28 - June 1, 2006, Proceedings},
  series    = {Lecture Notes in Computer Science},
  volume    = {4004},
  pages     = {427--444},
  publisher = {Springer},
  year      = {2006},
  url       = {https://doi.org/10.1007/11761679\_26},
  doi       = {10.1007/11761679\_26},
  timestamp = {Tue, 14 May 2019 10:00:53 +0200},
  biburl    = {https://dblp.org/rec/conf/eurocrypt/BoyenW06.bib},
  bibsource = {dblp computer science bibliography, https://dblp.org}
}

@inproceedings{bw07,
  author    = {Xavier Boyen and
               Brent Waters},
  editor    = {Tatsuaki Okamoto and
               Xiaoyun Wang},
  title     = {Full-Domain Subgroup Hiding and Constant-Size Group Signatures},
  booktitle = {Public Key Cryptography - {PKC} 2007, 10th International Conference
               on Practice and Theory in Public-Key Cryptography, Beijing, China,
               April 16-20, 2007, Proceedings},
  series    = {Lecture Notes in Computer Science},
  volume    = {4450},
  pages     = {1--15},
  publisher = {Springer},
  year      = {2007},
  url       = {https://doi.org/10.1007/978-3-540-71677-8\_1},
  doi       = {10.1007/978-3-540-71677-8\_1},
  timestamp = {Fri, 01 May 2020 18:32:25 +0200},
  biburl    = {https://dblp.org/rec/conf/pkc/BoyenW07.bib},
  bibsource = {dblp computer science bibliography, https://dblp.org}
}

@inproceedings{ccd+17,
  author    = {Jan Camenisch and
               Liqun Chen and
               Manu Drijvers and
               Anja Lehmann and
               David Novick and
               Rainer Urian},
  title     = {One {TPM} to Bind Them All: Fixing {TPM} 2.0 for Provably Secure Anonymous
               Attestation},
  booktitle = {2017 {IEEE} Symposium on Security and Privacy, {SP} 2017, San Jose,
               CA, USA, May 22-26, 2017},
  pages     = {901--920},
  year      = {2017},
  timestamp = {Thu, 14 Feb 2019 16:15:00 +0100},
  biburl    = {https://dblp.org/rec/bib/conf/sp/CamenischCDLNU17},
  bibsource = {dblp computer science bibliography, https://dblp.org}
}

@inproceedings{cdhk15,
  author    = {Jan Camenisch and
               Maria Dubovitskaya and
               Kristiyan Haralambiev and
               Markulf Kohlweiss},
  editor    = {Tetsu Iwata and
               Jung Hee Cheon},
  title     = {Composable and Modular Anonymous Credentials: Definitions and Practical
               Constructions},
  booktitle = {Advances in Cryptology - {ASIACRYPT} 2015 - 21st International Conference
               on the Theory and Application of Cryptology and Information Security,
               Auckland, New Zealand, November 29 - December 3, 2015, Proceedings,
               Part {II}},
  series    = {Lecture Notes in Computer Science},
  volume    = {9453},
  pages     = {262--288},
  publisher = {Springer},
  year      = {2015},
  url       = {https://doi.org/10.1007/978-3-662-48800-3\_11},
  doi       = {10.1007/978-3-662-48800-3\_11},
  timestamp = {Tue, 14 May 2019 10:00:40 +0200},
  biburl    = {https://dblp.org/rec/conf/asiacrypt/CamenischDHK15.bib},
  bibsource = {dblp computer science bibliography, https://dblp.org}
}

@inproceedings{cdl+20,
  author    = {Jan Camenisch and
               Manu Drijvers and
               Anja Lehmann and
               Gregory Neven and
               Patrick Towa},
  editor    = {Clemente Galdi and
               Vladimir Kolesnikov},
  title     = {Short Threshold Dynamic Group Signatures},
  booktitle = {Security and Cryptography for Networks - 12th International Conference,
               {SCN} 2020, Amalfi, Italy, September 14-16, 2020, Proceedings},
  series    = {Lecture Notes in Computer Science},
  volume    = {12238},
  pages     = {401--423},
  publisher = {Springer},
  year      = {2020},
  url       = {https://doi.org/10.1007/978-3-030-57990-6\_20},
  doi       = {10.1007/978-3-030-57990-6\_20},
  timestamp = {Tue, 08 Sep 2020 19:15:33 +0200},
  biburl    = {https://dblp.org/rec/conf/scn/CamenischDLNT20.bib},
  bibsource = {dblp computer science bibliography, https://dblp.org}
}

@inproceedings{ch91,
  author    = {David Chaum and
               Eug{\`{e}}ne van Heyst},
  editor    = {Donald W. Davies},
  title     = {Group Signatures},
  booktitle = {{EUROCRYPT} '91, Proceedings},
  pages     = {257--265},
  publisher = {Springer},
  year      = {1991},
  timestamp = {Tue, 14 May 2019 10:00:53 +0200},
  biburl    = {https://dblp.org/rec/conf/eurocrypt/ChaumH91.bib},
  bibsource = {dblp computer science bibliography, https://dblp.org}
}

@inproceedings{cdl16,
  author    = {Jan Camenisch and
               Manu Drijvers and
               Anja Lehmann},
  title     = {Universally Composable Direct Anonymous Attestation},
  booktitle = {{PKC} 2016, Proceedings},
  pages     = {234--264},
  year      = {2016},
  timestamp = {Tue, 14 May 2019 10:00:54 +0200},
  biburl    = {https://dblp.org/rec/conf/pkc/CamenischDL16.bib},
  bibsource = {dblp computer science bibliography, https://dblp.org}
}

@inproceedings{cdl16b,
  author    = {Jan Camenisch and
               Manu Drijvers and
               Anja Lehmann},
  title     = {Anonymous Attestation Using the Strong Diffie Hellman Assumption Revisited},
  booktitle = {{TRUST} 2016, Proceedings},
  pages     = {1--20},
  year      = {2016},
  timestamp = {Tue, 14 May 2019 10:00:51 +0200},
  biburl    = {https://dblp.org/rec/conf/trust/CamenischDL16.bib},
  bibsource = {dblp computer science bibliography, https://dblp.org}
}

@inproceedings{cdl17,
  author    = {Jan Camenisch and
               Manu Drijvers and
               Anja Lehmann},
  title     = {Anonymous Attestation with Subverted TPMs},
  booktitle = {Advances in Cryptology - {CRYPTO} 2017 - 37th Annual International
               Cryptology Conference, Santa Barbara, CA, USA, August 20-24, 2017,
               Proceedings, Part {III}},
  pages     = {427--461},
  year      = {2017},
  url       = {https://doi.org/10.1007/978-3-319-63697-9\_15},
  doi       = {10.1007/978-3-319-63697-9\_15},
  timestamp = {Tue, 14 May 2019 10:00:48 +0200},
  biburl    = {https://dblp.org/rec/conf/crypto/CamenischDL17.bib},
  bibsource = {dblp computer science bibliography, https://dblp.org}
}

@inproceedings{ch02,
  author    = {Jan Camenisch and
               Els Van Herreweghen},
  editor    = {Vijayalakshmi Atluri},
  title     = {Design and implementation of the \emph{idemix} anonymous credential
               system},
  booktitle = {Proceedings of the 9th {ACM} Conference on Computer and Communications
               Security, {CCS} 2002, Washington, DC, USA, November 18-22, 2002},
  pages     = {21--30},
  publisher = {{ACM}},
  year      = {2002},
  url       = {https://doi.org/10.1145/586110.586114},
  doi       = {10.1145/586110.586114},
  timestamp = {Tue, 10 Nov 2020 20:00:47 +0100},
  biburl    = {https://dblp.org/rec/conf/ccs/CamenischH02.bib},
  bibsource = {dblp computer science bibliography, https://dblp.org}
}

@inproceedings{cgm16,
  author    = {Melissa Chase and
               Chaya Ganesh and
               Payman Mohassel},
  editor    = {Matthew Robshaw and
               Jonathan Katz},
  title     = {Efficient Zero-Knowledge Proof of Algebraic and Non-Algebraic Statements
               with Applications to Privacy Preserving Credentials},
  booktitle = {Advances in Cryptology - {CRYPTO} 2016 - 36th Annual International
               Cryptology Conference, Santa Barbara, CA, USA, August 14-18, 2016,
               Proceedings, Part {III}},
  series    = {Lecture Notes in Computer Science},
  volume    = {9816},
  pages     = {499--530},
  publisher = {Springer},
  year      = {2016},
  url       = {https://doi.org/10.1007/978-3-662-53015-3\_18},
  doi       = {10.1007/978-3-662-53015-3\_18},
  timestamp = {Tue, 14 May 2019 10:00:48 +0200},
  biburl    = {https://dblp.org/rec/conf/crypto/ChaseGM16.bib},
  bibsource = {dblp computer science bibliography, https://dblp.org}
}

@inproceedings{cklm12,
  author    = {Melissa Chase and
               Markulf Kohlweiss and
               Anna Lysyanskaya and
               Sarah Meiklejohn},
  editor    = {David Pointcheval and
               Thomas Johansson},
  title     = {Malleable Proof Systems and Applications},
  booktitle = {Advances in Cryptology - {EUROCRYPT} 2012 - 31st Annual International
               Conference on the Theory and Applications of Cryptographic Techniques,
               Cambridge, UK, April 15-19, 2012. Proceedings},
  series    = {Lecture Notes in Computer Science},
  volume    = {7237},
  pages     = {281--300},
  publisher = {Springer},
  year      = {2012},
  url       = {https://doi.org/10.1007/978-3-642-29011-4\_18},
  doi       = {10.1007/978-3-642-29011-4\_18},
  timestamp = {Tue, 14 May 2019 10:00:53 +0200},
  biburl    = {https://dblp.org/rec/conf/eurocrypt/ChaseKLM12.bib},
  bibsource = {dblp computer science bibliography, https://dblp.org}
}

@inproceedings{cklm14,
  author    = {Melissa Chase and
               Markulf Kohlweiss and
               Anna Lysyanskaya and
               Sarah Meiklejohn},
  title     = {Malleable Signatures: New Definitions and Delegatable Anonymous Credentials},
  booktitle = {{IEEE} 27th Computer Security Foundations Symposium, {CSF} 2014, Vienna,
               Austria, 19-22 July, 2014},
  pages     = {199--213},
  publisher = {{IEEE} Computer Society},
  year      = {2014},
  url       = {https://doi.org/10.1109/CSF.2014.22},
  doi       = {10.1109/CSF.2014.22},
  timestamp = {Wed, 16 Oct 2019 14:14:49 +0200},
  biburl    = {https://dblp.org/rec/conf/csfw/ChaseKLM14.bib},
  bibsource = {dblp computer science bibliography, https://dblp.org}
}

@inproceedings{ckl+15,
  author    = {Jan Camenisch and
               Stephan Krenn and
               Anja Lehmann and
               Gert L{\ae}ss{\o}e Mikkelsen and
               Gregory Neven and
               Michael {\O}stergaard Pedersen},
  title     = {Formal Treatment of Privacy-Enhancing Credential Systems},
  booktitle = {{SAC} 2015, Revised Selected Papers},
  pages     = {3--24},
  year      = {2015},
  timestamp = {Tue, 20 Aug 2019 15:27:00 +0200},
  biburl    = {https://dblp.org/rec/bib/conf/sacrypt/CamenischKLMNP15},
  bibsource = {dblp computer science bibliography, https://dblp.org}
}

@inproceedings{cks10,
  author    = {Jan Camenisch and
               Markulf Kohlweiss and
               Claudio Soriente},
  editor    = {Juan A. Garay and
               Roberto De Prisco},
  title     = {Solving Revocation with Efficient Update of Anonymous Credentials},
  booktitle = {Security and Cryptography for Networks, 7th International Conference,
               {SCN} 2010, Amalfi, Italy, September 13-15, 2010. Proceedings},
  series    = {Lecture Notes in Computer Science},
  volume    = {6280},
  pages     = {454--471},
  publisher = {Springer},
  year      = {2010},
  url       = {https://doi.org/10.1007/978-3-642-15317-4\_28},
  doi       = {10.1007/978-3-642-15317-4\_28},
  timestamp = {Tue, 14 May 2019 10:00:54 +0200},
  biburl    = {https://dblp.org/rec/conf/scn/CamenischKS10.bib},
  bibsource = {dblp computer science bibliography, https://dblp.org}
}

@inproceedings{cl01,
  author    = {Jan Camenisch and
               Anna Lysyanskaya},
  title     = {An Efficient System for Non-transferable Anonymous Credentials with
               Optional Anonymity Revocation},
  booktitle = {{EUROCRYPT} 2001, Proceeding},
  pages     = {93--118},
  year      = {2001},
  timestamp = {Tue, 14 May 2019 10:00:53 +0200},
  biburl    = {https://dblp.org/rec/conf/eurocrypt/CamenischL01.bib},
  bibsource = {dblp computer science bibliography, https://dblp.org}
}

@inproceedings{cl02,
  author    = {Jan Camenisch and
               Anna Lysyanskaya},
  editor    = {Stelvio Cimato and
               Clemente Galdi and
               Giuseppe Persiano},
  title     = {A Signature Scheme with Efficient Protocols},
  booktitle = {Security in Communication Networks, Third International Conference,
               {SCN} 2002, Amalfi, Italy, September 11-13, 2002. Revised Papers},
  series    = {Lecture Notes in Computer Science},
  volume    = {2576},
  pages     = {268--289},
  publisher = {Springer},
  year      = {2002},
  url       = {https://doi.org/10.1007/3-540-36413-7\_20},
  doi       = {10.1007/3-540-36413-7\_20},
  timestamp = {Tue, 14 May 2019 10:00:54 +0200},
  biburl    = {https://dblp.org/rec/conf/scn/CamenischL02.bib},
  bibsource = {dblp computer science bibliography, https://dblp.org}
}

@inproceedings{cl04,
  author    = {Jan Camenisch and
               Anna Lysyanskaya},
  editor    = {Matthew K. Franklin},
  title     = {Signature Schemes and Anonymous Credentials from Bilinear Maps},
  booktitle = {Advances in Cryptology - {CRYPTO} 2004, 24th Annual International
               CryptologyConference, Santa Barbara, California, USA, August 15-19,
               2004, Proceedings},
  series    = {Lecture Notes in Computer Science},
  volume    = {3152},
  pages     = {56--72},
  publisher = {Springer},
  year      = {2004},
  url       = {https://doi.org/10.1007/978-3-540-28628-8\_4},
  doi       = {10.1007/978-3-540-28628-8\_4},
  timestamp = {Tue, 14 May 2019 10:00:48 +0200},
  biburl    = {https://dblp.org/rec/conf/crypto/CamenischL04.bib},
  bibsource = {dblp computer science bibliography, https://dblp.org}
}

@inproceedings{cl11,
  author    = {S{\'{e}}bastien Canard and
               Roch Lescuyer},
  editor    = {Abhilasha Bhargav{-}Spantzel and
               Thomas Gro{\ss}},
  title     = {Anonymous credentials from (indexed) aggregate signatures},
  booktitle = {DIM'11, Proceedings of the 2013 {ACM} Workshop on Digital Identity
               Management, Chicago, IL, {USA} - October 21, 2011},
  pages     = {53--62},
  publisher = {{ACM}},
  year      = {2011},
  url       = {https://doi.org/10.1145/2046642.2046655},
  doi       = {10.1145/2046642.2046655},
  timestamp = {Tue, 12 Feb 2019 16:55:52 +0100},
  biburl    = {https://dblp.org/rec/conf/dim/CanardL11.bib},
  bibsource = {dblp computer science bibliography, https://dblp.org}
}

@inproceedings{cl17,
  author    = {Jan Camenisch and
               Anja Lehmann},
  title     = {Privacy-Preserving User-Auditable Pseudonym Systems},
  booktitle = {2017 {IEEE} European Symposium on Security and Privacy, EuroS{\&}P
               2017, Paris, France, April 26-28, 2017},
  pages     = {269--284},
  year      = {2017},
  timestamp = {Wed, 12 Jul 2017 09:59:02 +0200},
  biburl    = {https://dblp.org/rec/bib/conf/eurosp/CamenischL17},
  bibsource = {dblp computer science bibliography, https://dblp.org}
}

@inproceedings{cms08,
  author    = {Liqun Chen and
               Paul Morrissey and
               Nigel P. Smart},
  title     = {On Proofs of Security for {DAA} Schemes},
  booktitle = {Provable Security, Second International Conference, ProvSec 2008,
               Shanghai, China, October 30 - November 1, 2008. Proceedings},
  pages     = {156--175},
  year      = {2008},
  timestamp = {Tue, 14 May 2019 10:00:45 +0200},
  biburl    = {https://dblp.org/rec/conf/provsec/ChenMS08.bib},
  bibsource = {dblp computer science bibliography, https://dblp.org}
}

@inproceedings{cms08b,
  author    = {Liqun Chen and
               Paul Morrissey and
               Nigel P. Smart},
  editor    = {Steven D. Galbraith and
               Kenneth G. Paterson},
  title     = {Pairings in Trusted Computing},
  booktitle = {Pairing-Based Cryptography - Pairing 2008, Second International Conference,
               Egham, UK, September 1-3, 2008. Proceedings},
  series    = {Lecture Notes in Computer Science},
  volume    = {5209},
  pages     = {1--17},
  publisher = {Springer},
  year      = {2008},
  url       = {https://doi.org/10.1007/978-3-540-85538-5\_1},
  doi       = {10.1007/978-3-540-85538-5\_1},
  timestamp = {Tue, 14 May 2019 10:00:42 +0200},
  biburl    = {https://dblp.org/rec/conf/pairing/ChenMS08.bib},
  bibsource = {dblp computer science bibliography, https://dblp.org}
}

@inproceedings{cmz14,
  author    = {Melissa Chase and
               Sarah Meiklejohn and
               Greg Zaverucha},
  editor    = {Gail{-}Joon Ahn and
               Moti Yung and
               Ninghui Li},
  title     = {Algebraic MACs and Keyed-Verification Anonymous Credentials},
  booktitle = {Proceedings of the 2014 {ACM} {SIGSAC} Conference on Computer and
               Communications Security, Scottsdale, AZ, USA, November 3-7, 2014},
  pages     = {1205--1216},
  publisher = {{ACM}},
  year      = {2014},
  url       = {https://doi.org/10.1145/2660267.2660328},
  doi       = {10.1145/2660267.2660328},
  timestamp = {Tue, 10 Nov 2020 20:00:27 +0100},
  biburl    = {https://dblp.org/rec/conf/ccs/ChaseMZ14.bib},
  bibsource = {dblp computer science bibliography, https://dblp.org}
}

@inproceedings{cpy06,
  author    = {Seung Geol Choi and
               Kunsoo Park and
               Moti Yung},
  title     = {Short Traceable Signatures Based on Bilinear Pairings},
  booktitle = {{IWSEC} 2006, Proceedings},
  pages     = {88--103},
  year      = {2006},
  timestamp = {Tue, 14 May 2019 10:00:52 +0200},
  biburl    = {https://dblp.org/rec/bib/conf/iwsec/ChoiPY06},
  bibsource = {dblp computer science bibliography, https://dblp.org}
}

@inproceedings{cpz20,
  author    = {Melissa Chase and
               Trevor Perrin and
               Greg Zaverucha},
  editor    = {Jay Ligatti and
               Xinming Ou and
               Jonathan Katz and
               Giovanni Vigna},
  title     = {The Signal Private Group System and Anonymous Credentials Supporting
               Efficient Verifiable Encryption},
  booktitle = {{CCS} '20: 2020 {ACM} {SIGSAC} Conference on Computer and Communications
               Security, Virtual Event, USA, November 9-13, 2020},
  pages     = {1445--1459},
  publisher = {{ACM}},
  year      = {2020},
  url       = {https://doi.org/10.1145/3372297.3417887},
  doi       = {10.1145/3372297.3417887},
  timestamp = {Tue, 10 Nov 2020 20:00:53 +0100},
  biburl    = {https://dblp.org/rec/conf/ccs/ChasePZ20.bib},
  bibsource = {dblp computer science bibliography, https://dblp.org}
}

@inproceedings{cu15,
  author    = {Liqun Chen and
               Rainer Urian},
  title     = {{DAA-A:} Direct Anonymous Attestation with Attributes},
  booktitle = {Trust and Trustworthy Computing - 8th International Conference, {TRUST}
               2015, Heraklion, Greece, August 24-26, 2015, Proceedings},
  pages     = {228--245},
  year      = {2015},
  url       = {https://doi.org/10.1007/978-3-319-22846-4\_14},
  doi       = {10.1007/978-3-319-22846-4\_14},
  timestamp = {Tue, 14 May 2019 10:00:51 +0200},
  biburl    = {https://dblp.org/rec/conf/trust/ChenU15.bib},
  bibsource = {dblp computer science bibliography, https://dblp.org}
}

@inproceedings{dfkp16,
  author    = {Antoine Delignat{-}Lavaud and
               C{\'{e}}dric Fournet and
               Markulf Kohlweiss and
               Bryan Parno},
  title     = {Cinderella: Turning Shabby {X.509} Certificates into Elegant Anonymous
               Credentials with the Magic of Verifiable Computation},
  booktitle = {{IEEE} Symposium on Security and Privacy, {SP} 2016, San Jose, CA,
               USA, May 22-26, 2016},
  pages     = {235--254},
  publisher = {{IEEE} Computer Society},
  year      = {2016},
  url       = {https://doi.org/10.1109/SP.2016.22},
  doi       = {10.1109/SP.2016.22},
  timestamp = {Wed, 16 Oct 2019 14:14:51 +0200},
  biburl    = {https://dblp.org/rec/conf/sp/Delignat-Lavaud16.bib},
  bibsource = {dblp computer science bibliography, https://dblp.org}
}

@inproceedings{dhs15,
  author    = {David Derler and
               Christian Hanser and
               Daniel Slamanig},
  editor    = {Jens Groth},
  title     = {A New Approach to Efficient Revocable Attribute-Based Anonymous Credentials},
  booktitle = {Cryptography and Coding - 15th {IMA} International Conference, {IMACC}
               2015, Oxford, UK, December 15-17, 2015. Proceedings},
  series    = {Lecture Notes in Computer Science},
  volume    = {9496},
  pages     = {57--74},
  publisher = {Springer},
  year      = {2015},
  url       = {https://doi.org/10.1007/978-3-319-27239-9\_4},
  doi       = {10.1007/978-3-319-27239-9\_4},
  timestamp = {Wed, 18 Mar 2020 16:01:00 +0100},
  biburl    = {https://dblp.org/rec/conf/ima/DerlerHS15.bib},
  bibsource = {dblp computer science bibliography, https://dblp.org}
}

@inproceedings{dl21,
  author    = {Jesus Diaz and
               Anja Lehmann},
  editor    = {Juan A. Garay},
  title     = {Group Signatures with User-Controlled and Sequential Linkability},
  booktitle = {Public-Key Cryptography - {PKC} 2021 - 24th {IACR} International Conference
               on Practice and Theory of Public Key Cryptography, Virtual Event,
               May 10-13, 2021, Proceedings, Part {I}},
  series    = {Lecture Notes in Computer Science},
  volume    = {12710},
  pages     = {360--388},
  publisher = {Springer},
  year      = {2021},
  url       = {https://doi.org/10.1007/978-3-030-75245-3\_14},
  doi       = {10.1007/978-3-030-75245-3\_14},
  timestamp = {Thu, 14 Oct 2021 10:16:44 +0200},
  biburl    = {https://dblp.org/rec/conf/pkc/DiazL21.bib},
  bibsource = {dblp computer science bibliography, https://dblp.org}
}

@inproceedings{emo09,
  author    = {Keita Emura and
               Atsuko Miyaji and
               Kazumasa Omote},
  title     = {A Dynamic Attribute-Based Group Signature Scheme and its Application
               in an Anonymous Survey for the Collection of Attribute Statistics},
  booktitle = {Proceedings of the The Forth International Conference on Availability,
               Reliability and Security, {ARES} 2009, March 16-19, 2009, Fukuoka,
               Japan},
  pages     = {487--492},
  publisher = {{IEEE} Computer Society},
  year      = {2009},
  url       = {https://doi.org/10.1109/ARES.2009.145},
  doi       = {10.1109/ARES.2009.145},
  timestamp = {Sun, 25 Jul 2021 11:45:09 +0200},
  biburl    = {https://dblp.org/rec/conf/IEEEares/EmuraMO09.bib},
  bibsource = {dblp computer science bibliography, https://dblp.org}
}

@inproceedings{gl19,
  author    = {Lydia Garms and
               Anja Lehmann},
  title     = {Group Signatures with Selective Linkability},
  booktitle = {{PKC} 2019, Proceedings},
  pages     = {190--220},
  year      = {2019},
  timestamp = {Tue, 14 May 2019 10:00:54 +0200},
  biburl    = {https://dblp.org/rec/bib/conf/pkc/GarmsL19},
  bibsource = {dblp computer science bibliography, https://dblp.org}
}

@inproceedings{halp20,
  author    = {Harry Halpin},
  title     = {Nym Credentials: Privacy-Preserving Decentralized Identity with Blockchains},
  booktitle = {Crypto Valley Conference on Blockchain Technology, {CVCBT} 2020, Rotkreuz,
               Switzerland, June 11-12, 2020},
  pages     = {56--67},
  publisher = {{IEEE}},
  year      = {2020},
  url       = {https://doi.org/10.1109/CVCBT50464.2020.00010},
  doi       = {10.1109/CVCBT50464.2020.00010},
  timestamp = {Mon, 03 Aug 2020 18:04:22 +0200},
  biburl    = {https://dblp.org/rec/conf/cvcbt/Halpin20.bib},
  bibsource = {dblp computer science bibliography, https://dblp.org}
}

@inproceedings{hkrw21,
  author    = {Lukas Helminger and
               Daniel Kales and
               Sebastian Ramacher and
               Roman Walch},
  editor    = {Kenneth G. Paterson},
  title     = {Multi-party Revocation in Sovrin: Performance through Distributed
               Trust},
  booktitle = {Topics in Cryptology - {CT-RSA} 2021 - Cryptographers' Track at the
               {RSA} Conference 2021, Virtual Event, May 17-20, 2021, Proceedings},
  series    = {Lecture Notes in Computer Science},
  volume    = {12704},
  pages     = {527--551},
  publisher = {Springer},
  year      = {2021},
  url       = {https://doi.org/10.1007/978-3-030-75539-3\_22},
  doi       = {10.1007/978-3-030-75539-3\_22},
  timestamp = {Sun, 16 May 2021 00:14:40 +0200},
  biburl    = {https://dblp.org/rec/conf/ctrsa/HelmingerKRW21.bib},
  bibsource = {dblp computer science bibliography, https://dblp.org}
}

@inproceedings{hs14,
  author    = {Christian Hanser and
               Daniel Slamanig},
  editor    = {Palash Sarkar and
               Tetsu Iwata},
  title     = {Structure-Preserving Signatures on Equivalence Classes and Their Application
               to Anonymous Credentials},
  booktitle = {Advances in Cryptology - {ASIACRYPT} 2014 - 20th International Conference
               on the Theory and Application of Cryptology and Information Security,
               Kaoshiung, Taiwan, R.O.C., December 7-11, 2014. Proceedings, Part
               {I}},
  series    = {Lecture Notes in Computer Science},
  volume    = {8873},
  pages     = {491--511},
  publisher = {Springer},
  year      = {2014},
  url       = {https://doi.org/10.1007/978-3-662-45611-8\_26},
  doi       = {10.1007/978-3-662-45611-8\_26},
  timestamp = {Tue, 14 May 2019 10:00:40 +0200},
  biburl    = {https://dblp.org/rec/conf/asiacrypt/HanserS14.bib},
  bibsource = {dblp computer science bibliography, https://dblp.org}
}

@inproceedings{il89,
  author    = {Russell Impagliazzo and
               Michael Luby},
  title     = {One-way Functions are Essential for Complexity Based Cryptography
               (Extended Abstract)},
  booktitle = {30th Annual Symposium on Foundations of Computer Science, Research
               Triangle Park, North Carolina, USA, 30 October - 1 November 1989},
  pages     = {230--235},
  publisher = {{IEEE} Computer Society},
  year      = {1989},
  url       = {https://doi.org/10.1109/SFCS.1989.63483},
  doi       = {10.1109/SFCS.1989.63483},
  timestamp = {Wed, 16 Oct 2019 14:14:54 +0200},
  biburl    = {https://dblp.org/rec/conf/focs/ImpagliazzoL89.bib},
  bibsource = {dblp computer science bibliography, https://dblp.org}
}

@inproceedings{kg17,
  author    = {Ali {El Kaafarani} and
               Essam Ghadafi},
  title     = {Attribute-Based Signatures with User-Controlled Linkability Without
               Random Oracles},
  booktitle = {Cryptography and Coding - 16th {IMA} International Conference, {IMACC}
               2017, Oxford, UK, December 12-14, 2017, Proceedings},
  pages     = {161--184},
  year      = {2017},
  timestamp = {Tue, 14 May 2019 10:00:45 +0200},
  biburl    = {https://dblp.org/rec/bib/conf/ima/KaafaraniG17},
  bibsource = {dblp computer science bibliography, https://dblp.org}
}

@inproceedings{kkl+16,
  author    = {Vladimir Kolesnikov and
               Hugo Krawczyk and
               Yehuda Lindell and
               Alex J. Malozemoff and
               Tal Rabin},
  editor    = {Edgar R. Weippl and
               Stefan Katzenbeisser and
               Christopher Kruegel and
               Andrew C. Myers and
               Shai Halevi},
  title     = {Attribute-based Key Exchange with General Policies},
  booktitle = {Proceedings of the 2016 {ACM} {SIGSAC} Conference on Computer and
               Communications Security, Vienna, Austria, October 24-28, 2016},
  pages     = {1451--1463},
  publisher = {{ACM}},
  year      = {2016},
  url       = {https://doi.org/10.1145/2976749.2978359},
  doi       = {10.1145/2976749.2978359},
  timestamp = {Tue, 10 Nov 2020 20:00:49 +0100},
  biburl    = {https://dblp.org/rec/conf/ccs/KolesnikovKLMR16.bib},
  bibsource = {dblp computer science bibliography, https://dblp.org}
}

@inproceedings{kss19,
  author    = {Stephan Krenn and
               Kai Samelin and
               Christoph Striecks},
  title     = {Practical Group-Signatures with Privacy-Friendly Openings},
  booktitle = {{ARES} 2019},
  pages     = {10:1--10:10},
  year      = {2019},
  timestamp = {Sun, 11 Aug 2019 18:59:45 +0200},
  biburl    = {https://dblp.org/rec/conf/IEEEares/KrennSS19.bib},
  bibsource = {dblp computer science bibliography, https://dblp.org}
}

@inproceedings{kty04,
  author    = {Aggelos Kiayias and
               Yiannis Tsiounis and
               Moti Yung},
  title     = {Traceable Signatures},
  booktitle = {{EUROCRYPT} 2004, Proceedings},
  pages     = {571--589},
  year      = {2004},
  timestamp = {Tue, 14 May 2019 10:00:53 +0200},
  biburl    = {https://dblp.org/rec/bib/conf/eurocrypt/KiayiasTY04},
  bibsource = {dblp computer science bibliography, https://dblp.org}
}

@inproceedings{ky05,
  author    = {Aggelos Kiayias and
               Moti Yung},
  editor    = {Ronald Cramer},
  title     = {Group Signatures with Efficient Concurrent Join},
  booktitle = {Advances in Cryptology - {EUROCRYPT} 2005, 24th Annual International
               Conference on the Theory and Applications of Cryptographic Techniques,
               Aarhus, Denmark, May 22-26, 2005, Proceedings},
  series    = {Lecture Notes in Computer Science},
  volume    = {3494},
  pages     = {198--214},
  publisher = {Springer},
  year      = {2005},
  url       = {https://doi.org/10.1007/11426639\_12},
  doi       = {10.1007/11426639\_12},
  timestamp = {Tue, 14 May 2019 10:00:53 +0200},
  biburl    = {https://dblp.org/rec/conf/eurocrypt/KiayiasY05.bib},
  bibsource = {dblp computer science bibliography, https://dblp.org}
}

@inproceedings{lmpy16,
  author    = {Beno{\^{\i}}t Libert and
               Fabrice Mouhartem and
               Thomas Peters and
               Moti Yung},
  editor    = {Xiaofeng Chen and
               XiaoFeng Wang and
               Xinyi Huang},
  title     = {Practical "Signatures with Efficient Protocols" from Simple Assumptions},
  booktitle = {Proceedings of the 11th {ACM} on Asia Conference on Computer and Communications
               Security, AsiaCCS 2016, Xi'an, China, May 30 - June 3, 2016},
  pages     = {511--522},
  publisher = {{ACM}},
  year      = {2016},
  url       = {https://doi.org/10.1145/2897845.2897898},
  doi       = {10.1145/2897845.2897898},
  timestamp = {Tue, 10 Nov 2020 16:06:16 +0100},
  biburl    = {https://dblp.org/rec/conf/ccs/LibertMPY16.bib},
  bibsource = {dblp computer science bibliography, https://dblp.org}
}


@inproceedings{lpy12,
  author    = {Beno{\^{\i}}t Libert and
               Thomas Peters and
               Moti Yung},
  editor    = {David Pointcheval and
               Thomas Johansson},
  title     = {Scalable Group Signatures with Revocation},
  booktitle = {Advances in Cryptology - {EUROCRYPT} 2012 - 31st Annual International
               Conference on the Theory and Applications of Cryptographic Techniques,
               Cambridge, UK, April 15-19, 2012. Proceedings},
  series    = {Lecture Notes in Computer Science},
  volume    = {7237},
  pages     = {609--627},
  publisher = {Springer},
  year      = {2012},
  timestamp = {Tue, 14 May 2019 10:00:53 +0200},
  biburl    = {https://dblp.org/rec/conf/eurocrypt/LibertPY12.bib},
  bibsource = {dblp computer science bibliography, https://dblp.org}
}

@inproceedings{lsw06,
  author    = {Joseph K. Liu and
               Willy Susilo and
               Duncan S. Wong},
  title     = {Ring Signature with Designated Linkability},
  booktitle = {Advances in Information and Computer Security, First International
               Workshop on Security, {IWSEC} 2006, Kyoto, Japan, October 23-24, 2006,
               Proceedings},
  pages     = {104--119},
  year      = {2006},
  timestamp = {Tue, 14 May 2019 10:00:52 +0200},
  biburl    = {https://dblp.org/rec/bib/conf/iwsec/LiuSW06},
  bibsource = {dblp computer science bibliography, https://dblp.org}
}

@inproceedings{lww04,
  author    = {Joseph K. Liu and
               Victor K. Wei and
               Duncan S. Wong},
  title     = {Linkable Spontaneous Anonymous Group Signature for Ad Hoc Groups (Extended
               Abstract)},
  booktitle = {Information Security and Privacy: 9th Australasian Conference, {ACISP}
               2004, Sydney, Australia, July 13-15, 2004. Proceedings},
  pages     = {325--335},
  year      = {2004},
  timestamp = {Tue, 14 May 2019 10:00:46 +0200},
  biburl    = {https://dblp.org/rec/bib/conf/acisp/LiuWW04},
  bibsource = {dblp computer science bibliography, https://dblp.org}
}

@inproceedings{ly12,
  author    = {Beno{\^{\i}}t Libert and
               Moti Yung},
  editor    = {David Naccache},
  title     = {Fully Forward-Secure Group Signatures},
  booktitle = {Cryptography and Security: From Theory to Applications - Essays Dedicated
               to Jean-Jacques Quisquater on the Occasion of His 65th Birthday},
  series    = {Lecture Notes in Computer Science},
  volume    = {6805},
  pages     = {156--184},
  publisher = {Springer},
  year      = {2012},
  url       = {https://doi.org/10.1007/978-3-642-28368-0\_13},
  doi       = {10.1007/978-3-642-28368-0\_13},
  timestamp = {Tue, 14 May 2019 10:00:52 +0200},
  biburl    = {https://dblp.org/rec/conf/birthday/LibertY12.bib},
  bibsource = {dblp computer science bibliography, https://dblp.org}
}

@inproceedings{mss06,
  author    = {Mark Manulis and
               Ahmad{-}Reza Sadeghi and
               J{\"{o}}rg Schwenk},
  title     = {Linkable Democratic Group Signatures},
  booktitle = {Information Security Practice and Experience, Second International
               Conference, {ISPEC} 2006, Hangzhou, China, April 11-14, 2006, Proceedings},
  pages     = {187--201},
  year      = {2006},
  timestamp = {Tue, 14 May 2019 10:00:40 +0200},
  biburl    = {https://dblp.org/rec/bib/conf/ispec/ManulisSS06},
  bibsource = {dblp computer science bibliography, https://dblp.org}
}

@inproceedings{nf05,
  author    = {Toru Nakanishi and
               Nobuo Funabiki},
  editor    = {Bimal K. Roy},
  title     = {Verifier-Local Revocation Group Signature Schemes with Backward Unlinkability
               from Bilinear Maps},
  booktitle = {Advances in Cryptology - {ASIACRYPT} 2005, 11th International Conference
               on the Theory and Application of Cryptology and Information Security,
               Chennai, India, December 4-8, 2005, Proceedings},
  series    = {Lecture Notes in Computer Science},
  volume    = {3788},
  pages     = {533--548},
  publisher = {Springer},
  year      = {2005},
  url       = {https://doi.org/10.1007/11593447\_29},
  doi       = {10.1007/11593447\_29},
  timestamp = {Tue, 14 May 2019 10:00:40 +0200},
  biburl    = {https://dblp.org/rec/conf/asiacrypt/NakanishiF05.bib},
  bibsource = {dblp computer science bibliography, https://dblp.org}
}

@inproceedings{oy91,
  author    = {Rafail Ostrovsky and
               Moti Yung},
  editor    = {Luigi Logrippo},
  title     = {How to Withstand Mobile Virus Attacks (Extended Abstract)},
  booktitle = {Proceedings of the Tenth Annual {ACM} Symposium on Principles of Distributed
               Computing, Montreal, Quebec, Canada, August 19-21, 1991},
  pages     = {51--59},
  publisher = {{ACM}},
  year      = {1991},
  url       = {https://doi.org/10.1145/112600.112605},
  doi       = {10.1145/112600.112605},
  timestamp = {Tue, 06 Nov 2018 11:07:18 +0100},
  biburl    = {https://dblp.org/rec/conf/podc/OstrovskyY91.bib},
  bibsource = {dblp computer science bibliography, https://dblp.org}
}

@inproceedings{ps16,
  author    = {David Pointcheval and
               Olivier Sanders},
  editor    = {Kazue Sako},
  title     = {Short Randomizable Signatures},
  booktitle = {Topics in Cryptology - {CT-RSA} 2016 - The Cryptographers' Track at
               the {RSA} Conference 2016, San Francisco, CA, USA, February 29 - March
               4, 2016, Proceedings},
  series    = {Lecture Notes in Computer Science},
  volume    = {9610},
  pages     = {111--126},
  publisher = {Springer},
  year      = {2016},
  url       = {https://doi.org/10.1007/978-3-319-29485-8\_7},
  doi       = {10.1007/978-3-319-29485-8\_7},
  timestamp = {Tue, 14 May 2019 10:00:52 +0200},
  biburl    = {https://dblp.org/rec/conf/ctrsa/PointchevalS16.bib},
  bibsource = {dblp computer science bibliography, https://dblp.org}
}

@inproceedings{romp90,
  author    = {John Rompel},
  editor    = {Harriet Ortiz},
  title     = {One-Way Functions are Necessary and Sufficient for Secure Signatures},
  booktitle = {Proceedings of the 22nd Annual {ACM} Symposium on Theory of Computing,
               May 13-17, 1990, Baltimore, Maryland, {USA}},
  pages     = {387--394},
  publisher = {{ACM}},
  year      = {1990},
  url       = {https://doi.org/10.1145/100216.100269},
  doi       = {10.1145/100216.100269},
  timestamp = {Tue, 06 Nov 2018 11:07:06 +0100},
  biburl    = {https://dblp.org/rec/conf/stoc/Rompel90.bib},
  bibsource = {dblp computer science bibliography, https://dblp.org}
}

@inproceedings{rst06,
  author    = {Ronald L. Rivest and
               Adi Shamir and
               Yael Tauman},
  title     = {How to Leak a Secret: Theory and Applications of Ring Signatures},
  booktitle = {Theoretical Computer Science, Essays in Memory of Shimon Even},
  pages     = {164--186},
  year      = {2006},
  timestamp = {Tue, 14 May 2019 10:00:52 +0200},
  biburl    = {https://dblp.org/rec/bib/conf/birthday/RivestST06},
  bibsource = {dblp computer science bibliography, https://dblp.org}
}

@inproceedings{sand20,
  author    = {Olivier Sanders},
  editor    = {Aggelos Kiayias and
               Markulf Kohlweiss and
               Petros Wallden and
               Vassilis Zikas},
  title     = {Efficient Redactable Signature and Application to Anonymous Credentials},
  booktitle = {Public-Key Cryptography - {PKC} 2020 - 23rd {IACR} International Conference
               on Practice and Theory of Public-Key Cryptography, Edinburgh, UK,
               May 4-7, 2020, Proceedings, Part {II}},
  series    = {Lecture Notes in Computer Science},
  volume    = {12111},
  pages     = {628--656},
  publisher = {Springer},
  year      = {2020},
  url       = {https://doi.org/10.1007/978-3-030-45388-6\_22},
  doi       = {10.1007/978-3-030-45388-6\_22},
  timestamp = {Fri, 01 May 2020 18:32:25 +0200},
  biburl    = {https://dblp.org/rec/conf/pkc/Sanders20.bib},
  bibsource = {dblp computer science bibliography, https://dblp.org}
}

@inproceedings{sbm10,
  author    = {Edward J. Schwartz and
               David Brumley and
               Jonathan M. McCune},
  title     = {Contractual Anonymity},
  booktitle = {Proceedings of the Network and Distributed System Security Symposium,
               {NDSS} 2010, San Diego, California, USA, 28th February - 3rd March
               2010},
  publisher = {The Internet Society},
  year      = {2010},
  url       = {https://www.ndss-symposium.org/ndss2010/contractual-anonymity},
  timestamp = {Wed, 16 Oct 2019 16:49:08 +0200},
  biburl    = {https://dblp.org/rec/conf/ndss/SchwartzBM10.bib},
  bibsource = {dblp computer science bibliography, https://dblp.org}
}

@inproceedings{seh+12,
  author    = {Yusuke Sakai and
               Keita Emura and
               Goichiro Hanaoka and
               Yutaka Kawai and
               Takahiro Matsuda and
               Kazumasa Omote},
  editor    = {Michel Abdalla and
               Tanja Lange},
  title     = {Group Signatures with Message-Dependent Opening},
  booktitle = {Pairing-Based Cryptography - Pairing 2012 - 5th International Conference,
               Cologne, Germany, May 16-18, 2012, Revised Selected Papers},
  series    = {Lecture Notes in Computer Science},
  volume    = {7708},
  pages     = {270--294},
  publisher = {Springer},
  year      = {2012},
  url       = {https://doi.org/10.1007/978-3-642-36334-4\_18},
  doi       = {10.1007/978-3-642-36334-4\_18},
  timestamp = {Tue, 14 May 2019 10:00:42 +0200},
  biburl    = {https://dblp.org/rec/conf/pairing/SakaiEHK0O12.bib},
  bibsource = {dblp computer science bibliography, https://dblp.org}
}

@inproceedings{sms+19,
  author    = {Alberto Sonnino and
               Mustafa Al{-}Bassam and
               Shehar Bano and
               Sarah Meiklejohn and
               George Danezis},
  title     = {Coconut: Threshold Issuance Selective Disclosure Credentials with
               Applications to Distributed Ledgers},
  booktitle = {26th Annual Network and Distributed System Security Symposium, {NDSS}
               2019, San Diego, California, USA, February 24-27, 2019},
  publisher = {The Internet Society},
  year      = {2019},
  url       = {https://www.ndss-symposium.org/ndss-paper/coconut-threshold-issuance-selective-disclosure-credentials-with-applications-to-distributed-ledgers/},
  timestamp = {Mon, 01 Feb 2021 08:42:25 +0100},
  biburl    = {https://dblp.org/rec/conf/ndss/SonninoABMD19.bib},
  bibsource = {dblp computer science bibliography, https://dblp.org}
}

@inproceedings{song01,
  author    = {Dawn Xiaodong Song},
  title     = {Practical forward secure group signature schemes},
  booktitle = {{CCS} 2001, Proceedings},
  pages     = {225--234},
  year      = {2001},
  timestamp = {Tue, 06 Nov 2018 11:07:29 +0100},
  biburl    = {https://dblp.org/rec/conf/ccs/Song01.bib},
  bibsource = {dblp computer science bibliography, https://dblp.org}
}

@inproceedings{ts06,
  author    = {Isamu Teranishi and
               Kazue Sako},
  title     = {\emph{k}-Times Anonymous Authentication with a Constant Proving Cost},
  booktitle = {Public Key Cryptography - {PKC} 2006, 9th International Conference
               on Theory and Practice of Public-Key Cryptography, New York, NY, USA,
               April 24-26, 2006, Proceedings},
  pages     = {525--542},
  year      = {2006},
  timestamp = {Tue, 14 May 2019 10:00:54 +0200},
  biburl    = {https://dblp.org/rec/bib/conf/pkc/TeranishiS06},
  bibsource = {dblp computer science bibliography, https://dblp.org}
}

@misc{bsi12,
    author = {Mark Manulis and
              Nils Fleischhacker and
	      Felix G\"unther and
	      Franziskus Kiefer and
	      Bertram Poettering},
    title = {Group Signatures: Authentication with Privacy},
    howpublished = {Bundesamtf f\"ur Sicherheit in der Informationstechnik},
    year = {2012},
    note = {\url{https://www.bsi.bund.de/SharedDocs/Downloads/EN/BSI/Publications/Studies/GruPA/GruPA.pdf}},
}

@misc{hij+21,
    author = {Sharon Huang and
              Subodh Iyengar and
	      Sundar Jeyaraman and
	      Shiv Kushwah and
	      Chen-Kuei Lee and
	      Zutian Luo and
	      Payman Mohassel and
	      Ananth Raghuanathan and
	      Shaahid Shaikh
	      Yen-Chieh Sung
	      Albert Zhang},
    title = {DIT: De-Identified Authenticated Telemetry at Scale}
}

%%% Local Variables: 
%%% mode: pdflatex
%%% TeX-master: "epfucl"
%%% End:
