@inproceedings{def+21,
  author    = {Poulami Das and
               Andreas Erwig and
               Sebastian Faust and
               Julian Loss and
               Siavash Riahi},
  editor    = {Yongdae Kim and
               Jong Kim and
               Giovanni Vigna and
               Elaine Shi},
  title     = {The Exact Security of {BIP32} Wallets},
  booktitle = {{CCS} '21: 2021 {ACM} {SIGSAC} Conference on Computer and Communications
               Security, Virtual Event, Republic of Korea, November 15 - 19, 2021},
  pages     = {1020--1042},
  publisher = {{ACM}},
  year      = {2021},
  url       = {https://doi.org/10.1145/3460120.3484807},
  doi       = {10.1145/3460120.3484807},
  timestamp = {Tue, 16 Nov 2021 13:43:43 +0100},
  biburl    = {https://dblp.org/rec/conf/ccs/0003EFL021.bib},
  bibsource = {dblp computer science bibliography, https://dblp.org}
}